<record><leader>00000cas a22000007  4500</leader><controlfield tag="001">5734505</controlfield><controlfield tag="008">791127d19791984ohuwr ne      0   a0eng d</controlfield><controlfield tag="009">467</controlfield><datafield ind1=" " ind2=" " tag="010"><subfield code="a">sn 79007770 </subfield></datafield><datafield ind1=" " ind2=" " tag="040"><subfield code="a">NSD</subfield><subfield code="b">eng</subfield><subfield code="c">NSD</subfield><subfield code="d">ONP</subfield><subfield code="d">OCLCQ</subfield></datafield><datafield ind1=" " ind2=" " tag="012"><subfield code="k">1</subfield><subfield code="m">d</subfield></datafield><datafield ind1="1" ind2=" " tag="022"><subfield code="a">0199-2457</subfield><subfield code="l">0199-2457</subfield><subfield code="2">1</subfield></datafield><datafield ind1="1" ind2=" " tag="029"><subfield code="a">AU@</subfield><subfield code="b">000025820299</subfield></datafield><datafield ind1=" " ind2=" " tag="042"><subfield code="a">nsdp</subfield></datafield><datafield ind1=" " ind2="0" tag="222"><subfield code="a">Medina sun sentinel</subfield></datafield><datafield ind1="0" ind2="0" tag="245"><subfield code="a">Medina sun sentinel.</subfield></datafield><datafield ind1=" " ind2=" " tag="260"><subfield code="a">Medina, Ohio :</subfield><subfield code="b">Post Corp.,</subfield><subfield code="c">1979-1984.</subfield></datafield><datafield ind1=" " ind2=" " tag="300"><subfield code="a">v.</subfield></datafield><datafield ind1=" " ind2=" " tag="310"><subfield code="a">Weekly</subfield></datafield><datafield ind1="0" ind2=" " tag="362"><subfield code="a">Vol. 1, no. 6 (Nov. 8, 1979)-6th year, no. 52 (Dec. 27, 1984).</subfield></datafield><datafield ind1=" " ind2="4" tag="651"><subfield code="a">Medina (Ohio)</subfield><subfield code="v">Newspapers.</subfield></datafield><datafield ind1=" " ind2="4" tag="651"><subfield code="a">Medina County (Ohio)</subfield><subfield code="v">Newspapers.</subfield></datafield><datafield ind1=" " ind2=" " tag="752"><subfield code="a">United States</subfield><subfield code="b">Ohio</subfield><subfield code="c">Medina</subfield><subfield code="d">Medina.</subfield></datafield><datafield ind1="0" ind2="0" tag="780"><subfield code="t">Medina sun</subfield><subfield code="w">(DLC)sn 90068538</subfield></datafield><datafield ind1="0" ind2="7" tag="785"><subfield code="t">Brunswick sun times (Brunswick, Ohio : 1978)</subfield><subfield code="w">(DLC)sn 89076146</subfield></datafield><datafield ind1="0" ind2="7" tag="785"><subfield code="t">Sun times sentinel</subfield><subfield code="w">(DLC)sn 85000353</subfield></datafield></record>